% This file was created with JabRef 2.10.
% Encoding: UTF8


@Article{Ligorria1999,
  Title                    = {Iterative deconvolution and receiver-function estimation},
  Author                   = {Ammon, Juan Pablo Ligorr√≠a and Charles J.},
  Journal                  = {Bulletin of the Seismological Society of America},
  Year                     = {1999},
  Number                   = {5},
  Pages                    = {1395-1400},
  Volume                   = {89},

  Type                     = {Journal Article}
}

@Article{Anya2003,
  Title                    = {Improved inversion for seismic structure using transformed,S-wavevector receiver functions: Removing the effect of the free surface},
  Author                   = { Anya, Reading},
  Journal                  = {Geophysical Research Letters},
  Year                     = {2003},
  Number                   = {19},
  Volume                   = {30},

  Doi                      = {10.1029/2003gl018090},
  ISSN                     = {0094-8276},
  Type                     = {Journal Article}
}

@Article{Armijo1986,
  Title                    = {Quaternary extension in southern Tibet: Field observations and tectonic implications},
  Author                   = {Armijo, Rolando and Tapponnier, Paul and Mercier, J. L. and Han, Tong-Lin},
  Journal                  = {Journal of Geophysical Research: Solid Earth},
  Year                     = {1986},
  Number                   = {B14},
  Pages                    = {13803-13872},
  Volume                   = {91},

  Doi                      = {10.1029/JB091iB14p13803},
  ISSN                     = {2156-2202},
  Keywords                 = {8155 Plate motions: general
8157 Plate motions: past
8158 Plate motions: present and recent},
  Type                     = {Journal Article},
  Url                      = {http://dx.doi.org/10.1029/JB091iB14p13803}
}

@Article{Avouac1993,
  Title                    = {Kinematic model of active deformation in central Asia},
  Author                   = {Avouac, Jean-Philippe and Tapponnier, Paul},
  Journal                  = {Geophysical Research Letters},
  Year                     = {1993},
  Number                   = {10},
  Pages                    = {895-898},
  Volume                   = {20},

 
  Doi                      = {10.1029/93GL00128},
  ISSN                     = {1944-8007},
  Keywords                 = {8110 Tectonophysics: Continental tectonics
8160 Tectonophysics: Rheology of the lithosphere and mantle},
  Type                     = {Journal Article},
  Url                      = {http://dx.doi.org/10.1029/93GL00128}
}

@Article{Burdick1977,
  Title                    = {Modeling crustal structure through the use of converted phases in teleseismic body-wave forms},
  Author                   = {L. J. Burdick and Charles A. Langston},
  Journal                  = {Bulletin of the Seismological Society of America},
  Year                     = {1977},
  Number                   = {3},
  Pages                    = {677-691},
  Volume                   = {67},

  Type                     = {Journal Article}
}

@Article{England1997,
  Title                    = {Active Deformation of Asia: From Kinematics to Dynamics},
  Author                   = {England, Philip and Molnar, Peter},
  Journal                  = {Science},
  Year                     = {1997},
  Number                   = {5338},
  Pages                    = {647-650},
  Volume                   = {278},

 
  Doi                      = {10.1126/science.278.5338.647},
  Type                     = {Journal Article},
  Url                      = {http://www.sciencemag.org/content/278/5338/647.abstract}
}

@Article{Houseman1993,
  Title                    = {Crustal thickening versus lateral expulsion in the Indian-Asian continental collision},
  Author                   = {Houseman, Gregory and England, Philip},
  Journal                  = {Journal of Geophysical Research: Solid Earth},
  Year                     = {1993},
  Number                   = {B7},
  Pages                    = {12233-12249},
  Volume                   = {98},
  Doi                      = {10.1029/93JB00443},
  ISSN                     = {2156-2202},
  Keywords                 = {8107 Continental neotectonics
8109 Continental tectonics: extensional
8110 Continental tectonics: general
8120 Dynamics of lithosphere and mantle: general
8159 Rheology: crust and lithosphere
8160 Rheology: general
8162 Rheology: mantle
8164 Stresses: crust and lithosphere
8166 Stresses: deep-seated
8168 Stresses: general
9320 Information Related to Geographic Region: Asia},
  Type                     = {Journal Article},
  Url                      = {http://dx.doi.org/10.1029/93JB00443}
}

@Article{Langston1979,
  Title                    = {Structure under Mount Rainier, Washington, inferred from teleseismic body waves},
  Author                   = {Langston, Charles A.},
  Journal                  = {Journal of Geophysical Research: Solid Earth},
  Year                     = {1979},
  Number                   = {B9},
  Pages                    = {4749--4762},
  Volume                   = {84},

  Doi                      = {10.1029/JB084iB09p04749},
  ISSN                     = {2156-2202},
  Url                      = {http://dx.doi.org/10.1029/JB084iB09p04749}
}

@Article{Lei2009,
  Title                    = {Insight into the origin of the Tengchong intraplate volcano and seismotectonics in southwest China from local and teleseismic data},
  Author                   = {Lei, Jianshe and Zhao, Dapeng and Su, Youjin},
  Journal                  = {Journal of Geophysical Research: Solid Earth},
  Year                     = {2009},
  Number                   = {B5},
  Pages                    = {B05302},
  Volume                   = {114},

  Doi                      = {10.1029/2008JB005881},
  ISSN                     = {2156-2202},
  Keywords                 = {Tengchong volcano
seismic tomography
India-Asia collision
volcanism
7270 Tomography
8178 Tectonics and magmatism
8120 Dynamics of lithosphere and mantle: general
8413 Subduction zone processes},
  Type                     = {Journal Article},
  Url                      = {http://dx.doi.org/10.1029/2008JB005881}
}

@Article{Molnar1975,
  Title                    = {Cenozoic Tectonics of Asia: Effects of a Continental Collision},
  Author                   = {Molnar, Peter and Tapponnier, Paul},
  Journal                  = {Science},
  Year                     = {1975},
  Number                   = {4201},
  Pages                    = {419-426},
  Volume                   = {189},

  Doi                      = {10.1126/science.189.4201.419},
  Type                     = {Journal Article}
}

@Article{Owens1984,
  Title                    = {Seismic evidence for an ancient rift beneath the Cumberland Plateau, Tennessee: A detailed analysis of broadband teleseismic \textit{P} waveforms},
  Author                   = {Owens, Thomas J. and Zandt, George and Taylor, Steven R.},
  Journal                  = {Journal of Geophysical Research: Solid Earth},
  Year                     = {1984},
  Number                   = {B9},
  Pages                    = {7783--7795},
  Volume                   = {89},

  Doi                      = {10.1029/JB089iB09p07783},
  ISSN                     = {2156-2202},
  Url                      = {http://dx.doi.org/10.1029/JB089iB09p07783}
}

@Article{Phinney1964,
  Title                    = {Structure of the Earth's crust from sepctral behavior of long-period body waves},
  Author                   = {R. A. Phinney },
  Journal                  = {Journal of Geophysical Research},
  Year                     = {1964},
  Number                   = {14},
  Pages                    = {2997-3017},
  Volume                   = {69},

  Doi                      = {10.1029/JZ069i014p02997},
  ISSN                     = {2156-2202},
  Url                      = {http://dx.doi.org/10.1029/JZ069i014p02997}
}

@Article{Vinnik1977,
  Title                    = {Detection of waves converted from P to SV in the mantle },
  Author                   = {L.P. Vinnik},
  Journal                  = {Physics of the Earth and Planetary Interiors },
  Year                     = {1977},
  Number                   = {1},
  Pages                    = {39-45},
  Volume                   = {15},

  Doi                      = {http://dx.doi.org/10.1016/0031-9201(77)90008-5},
  ISSN                     = {0031-9201},
  Url                      = {http://www.sciencedirect.com/science/article/pii/0031920177900085}
}


@Article{Wang2004,
  Title                    = {Crustal structure in Tengchong Volcano-Geothermal Area, western Yunnan, China},
  Author                   = {Wang, Chun-Yong and Huangfu, Gang},
  Journal                  = {Tectonophysics},
  Year                     = {2004},
  Number                   = {1-2},
  Pages                    = {69-87},
  Volume                   = {380},

  Doi                      = {10.1016/j.tecto.2003.12.001},
  ISSN                     = {00401951},
  Type                     = {Journal Article}
}

@Article{WangEQ2000,
  Title                    = {Late Cenozoic to Holocene deformation in southwestern Sichuan and adjacent Yunnan, China, and its role in formation of the southeastern part of the Tibetan Plateau},
  Author                   = {Wang, Erchie and Burchfiel, B. Clark},
  Journal                  = {Geological Society of America Bulletin},
  Year                     = {2000},
  Number                   = {3},
  Pages                    = {413-423},
  Volume                   = {112},

  Doi                      = {10.1130/0016-7606(2000)112<413:lcthdi>2.0.co;2},
  Type                     = {Journal Article},
  Url                      = {http://gsabulletin.gsapubs.org/content/112/3/413.abstract}
}

@Article{Yin2000a,
  Title                    = {Mode of Cenozoic east-west extension in Tibet suggesting a common origin of rifts in Asia during the Indo-Asian collision},
  Author                   = {Yin, An},
  Journal                  = {Journal of Geophysical Research: Solid Earth},
  Year                     = {2000},
  Number                   = {B9},
  Pages                    = {21745-21759},
  Volume                   = {105},

  Doi                      = {10.1029/2000JB900168},
  ISSN                     = {2156-2202},
  Keywords                 = {8109 Tectonophysics: Continental tectonics‚Äîextensional},
  Type                     = {Journal Article},
  Url                      = {http://dx.doi.org/10.1029/2000JB900168}
}

@Article{Jiang1998,
  Title                    = {ËÖæÂÜ≤Êñ∞Áîü‰ª£ÁÅ´Â±±ÂàÜÂ∏ÉÁâπÂæÅ},
  Author                   = {ÂßúÊúùÊùæ},
  Journal                  = {Âú∞ÈúáÁ†îÁ©∂},
  Year                     = {1998},
  Number                   = {4},
  Pages                    = {309-319},
  Volume                   = {21},
  language				   = "zh",
  Type                     = {Journal Article}
}

@article{liu1996,
   author = {ÂàòÂêØÂÖÉ and Kind, Rainer and ÊùéÈ°∫Êàê},
   title = {Êé•Êî∂ÂáΩÊï∞Â§çË∞±ÊØîÁöÑÊúÄÂ§ßÊàñÁÑ∂ÊÄß‰º∞ËÆ°ÂèäÈùûÁ∫øÊÄßÂèçÊºî},
   journal = {Âú∞ÁêÉÁâ©ÁêÜÂ≠¶Êä•},
   volume = {39},
   number = {4},
   pages = {500-511},
   year = {1996},
   language = "zh",
   type = {Journal Article}
}

@article{wu1998,
   author = {Âê¥Â∫Ü‰∏æ and ÊõæËûçÁîü},
   title = {Áî®ÂÆΩÈ¢ëÂ∏¶ËøúÈúáÊé•Êî∂ÂáΩÊï∞Á†îÁ©∂ÈùíËóèÈ´òÂéüÁöÑÂú∞Â£≥ÁªìÊûÑ},
   journal = {Âú∞ÁêÉÁâ©ÁêÜÂ≠¶Êä•},
   volume = {41},
   number = {5},
   pages = {669-679},
   year = {1998},
   language = "zh",
   type = {Journal Article}
}

@article{wu2007,
   author = {Âê¥Â∫Ü‰∏æ and ÊùéÊ∞∏Âçé and Âº†ÁëûÈùí and Âº†‰πÉÁé≤},
   title = {Áî®Â§öÈÅìÂèçË§∂ÁßØÊñπÊ≥ïÊµãÂÆöÂè∞Á´ôÊé•Êî∂ÂáΩÊï∞},
   journal = {Âú∞ÁêÉÁâ©ÁêÜÂ≠¶Êä•},
   volume = {50},
   number = {3},
   pages = {791-796},
   year = {2007},
   language = "zh",
   type = {Journal Article}
}

@article{wu2003a,
   author = {Âê¥Â∫Ü‰∏æ and Áî∞Â∞èÊ≥¢ and Âº†‰πÉÁé≤ and ÊùéÂç´Âπ≥ and ÊõæËûçÁîü},
   title = {ËÆ°ÁÆóÂè∞Á´ôÊé•Êî∂ÂáΩÊï∞ÁöÑÊúÄÂ§ßÁÜµË∞±ÂèçË§∂ÁßØÊñπÊ≥ï},
   journal = {Âú∞ÈúáÂ≠¶Êä•},
   volume = {25},
   number = {4},
   pages = {382-389},
   year = {2003},
   language = "zh",
   type = {Journal Article}
}

@article{wu2003b,
   author = {Âê¥Â∫Ü‰∏æ and Áî∞Â∞èÊ≥¢ and Âº†‰πÉÁé≤ and ÊùéÂç´Âπ≥ and ÊõæËûçÁîü},
   title = {Áî®WienerÊª§Ê≥¢ÊñπÊ≥ïÊèêÂèñÂè∞Á´ôÊé•Êî∂ÂáΩÊï∞},
   journal = {‰∏≠ÂõΩÂú∞Èúá},
   volume = {19},
   number = {1},
   pages = {41-47},
   year = {2003},
   language = "zh",
   type = {Journal Article}
}

@article{Gurrola1995,
   author = {Gurrola, Harold and Baker, G. Eli and Minster, J. Bernard},
   title = {Simultaneous time-domain deconvolution with application to the computation of receiver functions},
   journal = {Geophys. J. Int.},
   volume = {120},
   number = {3},
   pages = {537-543},
   year = {1995},
   type = {Journal Article}
}

@book{Aki2002,
   author = {Aki, K. and Richards, P.G.},
   title = {Quantitative Seismology},
   publisher = {University Science Books},
   ISBN = {9781891389634},
   url = {https://books.google.com/books?id=pWhEPgAACAAJ},
   year = {2002},
   type = {Book}
}

@article{Kikuchi1982,
   author = {Kikuchi, Masayuki and Kanamori, Hiroo},
   title = {Invewrsion of complex body waves},
   journal = {Bulletin of the Seismological Society of America},
   volume = {72},
   number = {2},
   pages = {491-506},
   year = {1982},
   type = {Journal Article}
}

@article{Oldenburg1981,
   author = {Oldenburg, D. W.},
   title = {A comprehensive solution to the linear deconvolution problem},
   journal = {Geophysical Journal of the Royal Astronomical Society},
   volume = {65},
   number = {2},
   pages = {331-357},
   ISSN = {1365-246X},
   DOI = {10.1111/j.1365-246X.1981.tb02716.x},
   url = {http://dx.doi.org/10.1111/j.1365-246X.1981.tb02716.x},
   year = {1981},
   type = {Journal Article}
}


@article{Cassidy1992,
   author = {Cassidy, JF},
   title = {Numerical experiments in broadband receiver function analysis},
   journal = {Bulletin of the Seismological Society of America},
   volume = {82},
   number = {3},
   pages = {1453-1474},
   ISSN = {0037-1106},
   year = {1992},
   type = {Journal Article}
}

@article{Langston1977b,
   author = {Langston, Charles A},
   title = {The effect of planar dipping structure on source and receiver responses for constant ray parameter},
   journal = {Bulletin of the Seismological Society of America},
   volume = {67},
   number = {4},
   pages = {1029-1050},
   ISSN = {0037-1106},
   year = {1977},
   type = {Journal Article}
}

@article{Langston1981,
   author = {Langston, Charles A},
   title = {Evidence for the subducting lithosphere under southern Vancouver Island and western Oregon from teleseismic P wave conversions},
   journal = {Journal of Geophysical Research: Solid Earth (1978‚Äì2012)},
   volume = {86},
   number = {B5},
   pages = {3857-3866},
   ISSN = {2156-2202},
   year = {1981},
   type = {Journal Article}
}

@article{Lapp1990,
   author = {Lapp, David B and Owens, Thomas J and Crosson, Robert S},
   title = {P-waveform analysis for local subduction geometry south of Puget Sound, Washington},
   journal = {pure and applied geophysics},
   volume = {133},
   number = {2},
   pages = {349-365},
   ISSN = {0033-4553},
   year = {1990},
   type = {Journal Article}
}

@article{Owens1988a,
   author = {Owens, Thomas J and Crosson, Robert S},
   title = {Shallow structure effects on broadband teleseismic P waveforms},
   journal = {Bulletin of the Seismological Society of America},
   volume = {78},
   number = {1},
   pages = {96-108},
   ISSN = {0037-1106},
   year = {1988},
   type = {Journal Article}
}

@article{Owens1988b,
   author = {Owens, Thomas J and Crosson, Robert S and Hendrickson, Matthew A},
   title = {Constraints on the subduction geometry beneath western Washington from broadband teleseismic waveform modeling},
   journal = {Bulletin of the Seismological Society of America},
   volume = {78},
   number = {3},
   pages = {1319-1334},
   ISSN = {0037-1106},
   year = {1988},
   type = {Journal Article}
}

@article{Zhang1995,
   author = {Zhang, Jie and Langston, Charles A},
   title = {Dipping structure under Dourbes, Belgium, determined by receiver function modeling and inversion},
   journal = {Bulletin of the Seismological Society of America},
   volume = {85},
   number = {1},
   pages = {254-268},
   ISSN = {0037-1106},
   year = {1995},
   type = {Journal Article}
}

@article{Zhu1995,
   author = {Zhu, Lupei and Owens, Thomas J and Randall, George E},
   title = {Lateral variation in crustal structure of the northern Tibetan Plateau inferred from teleseismic receiver functions},
   journal = {Bulletin of the Seismological Society of America},
   volume = {85},
   number = {6},
   pages = {1531-1540},
   ISSN = {0037-1106},
   year = {1995},
   type = {Journal Article}
}

@article{Bath1966,
   author = {Bath, M and Stef√°nsson, Ragnar},
   title = {SP conversion at the base of the crust},
   journal = {Annals of Geophysics},
   volume = {19},
   number = {2},
   pages = {119-130},
   ISSN = {2037-416X},
   year = {1966},
   type = {Journal Article}
}

@article{Zhu2000a,
   author = {Zhu, Lupei and Kanamori, Hirro},
   title = {Moho depth variation in southern California f rom teleseimic receiver functions},
   journal = {Journal of Geophysical Research},
   volume = {105},
   number = {B2},
   pages = {2969-2980},
   year = {2000},
   type = {Journal Article}
}

@article{Kan1986,
   author = {Kan, Rong-ju and Hu, Hong-xiang and Zeng, Rong-sheng and Mooney, Walter D and McEvilly, Thomas V},
   title = {Crustal structure of Yunnan Province, People's Republic of China, from seismic refraction profiles},
   journal = {Science},
   volume = {234},
   number = {4775},
   pages = {433-437},
   ISSN = {0036-8075},
   year = {1986},
   type = {Journal Article}
}

@article{Wang2007,
   author = {Wang, Chun-Yong and Han, Wei-Bin and Wu, Jian-Ping and Lou, Hai and Chan, W. Winston},
   title = {Crustal structure beneath the eastern margin of the Tibetan Plateau and its tectonic implications},
   journal = {Journal of Geophysical Research},
   volume = {112},
   number = {B7},
   ISSN = {0148-0227},
   DOI = {10.1029/2005jb003873},
   year = {2007},
   type = {Journal Article}
}

@article{Wang2004,
   author = {Wang, Chun-Yong and Huangfu, Gang},
   title = {Crustal structure in Tengchong Volcano-Geothermal Area, western Yunnan, China},
   journal = {Tectonophysics},
   volume = {380},
   number = {1-2},
   pages = {69-87},
   ISSN = {00401951},
   DOI = {10.1016/j.tecto.2003.12.001},
   year = {2004},
   type = {Journal Article}
}

@article{Hu1986,
   author = {ËÉ°È∏øÁøî and ÈôÜÊ∂µË°å and ÁéãÊ§øÈïõ and ‰ΩïÊ≠£Âã§ and Êú±ËâØ‰øù and È¢úÂÖ∂‰∏≠ and Ê®äË∑ÉÊñ∞ and Âº†ÂõΩÂ∫Ü and ÈÇìËã±Â®•},
   title = {ÊªáË•øÂú∞Âå∫Âú∞Â£≥ÁªìÊûÑÁöÑÁàÜÁ†¥Âú∞ÈúáÁ†îÁ©∂},
   journal = {Âú∞ÁêÉÁâ©ÁêÜÂ≠¶Êä•},
   volume = {29},
   number = {2},
   pages = {133-144},
   year = {1986},
   type = {Journal Article},
   language= {zh}
}

@article{Lin1993,
   author = {Êûó‰∏≠Ê¥ã and Âº†ÊñáÂΩ¨},
   title = {ÊªáË•øÂú∞Âå∫Âú∞Â£≥‰∏äÂú∞ÂπîÈÄüÂ∫¶ÁªìÊûÑÁâπÂæÅÁöÑÁ†îÁ©∂},
   journal = {Âú∞ÈúáÂ≠¶Êä•},
   volume = {15},
   number = {4},
   pages = {427-440},
   year = {1993},
   type = {Journal Article},
   language= {zh}
}

@article{WangCY2000,
   author = {ÁéãÊ§øÈïõ and ÁöáÁî´Â≤ó},
   title = {ËÖæÂÜ≤ÁÅ´Â±±Âå∫Âú∞Â£≥ÁªìÊûÑÁöÑ‰∫∫Â∑•Âú∞ÈúáÊé¢Êµã},
   journal = {Âú∞ÈúáÁ†îÁ©∂},
   volume = {23},
   number = {2},
   pages = {148-156},
   year = {2000},
   type = {Journal Article},
   language= {zh}
}

@article{Zhang2005a,
   author = {Âº†‰∏≠Êù∞ and ÁôΩÂøóÊòé and ÁéãÊ§øÈïõ and ÂêïÂ∫ÜÁî∞ and ÊªïÂêâÊñá and ÊùéÁªß‰∫Æ and Â≠ôÂñÑÂ≠¶ and ÁéãÊñ∞ÂæÅ},
   title = {ÂÜàÁì¶Á∫≥ÂûãÂíåÊâ¨Â≠êÂûãÂú∞ÂùóÂú∞Â£≥ÁªìÊûÑ: ‰ª•ÊªáË•øÂ≠üËøû-È©¨ÈæôÂÆΩËßíÂèçÂ∞ÑÂâñÈù¢‰∏∫‰æã},
   journal = {‰∏≠ÂõΩÁßëÂ≠¶: D Ëæë},
   volume = {35},
   number = {5},
   pages = {387-392},
   year = {2005},
   type = {Journal Article},
   language= {zh}
}

@article{Zhang2005b,
   author = {Âº†‰∏≠Êù∞ and ÁôΩÂøóÊòé and ÁéãÊ§øÈïõ and ÊªïÂêâÊñá and ÂêïÂ∫ÜÁî∞ and ÊùéÁªß‰∫Æ and Âàò‰∏ÄÂ≥∞ and ÂàòÊåØÂÆΩ},
   title = {‰∏âÊ±üÂú∞Âå∫Âú∞Â£≥ÁªìÊûÑÂèäÂä®ÂäõÂ≠¶ÊÑè‰πâ: ‰∫ëÂçóÈÅÆÊîæ-ÂÆæÂ∑ùÂú∞ÈúáÂèçÂ∞Ñ/ÊäòÂ∞ÑÂâñÈù¢ÁöÑÂêØÁ§∫},
   journal = {‰∏≠ÂõΩÁßëÂ≠¶: D Ëæë},
   volume = {35},
   number = {4},
   pages = {314-319},
   year = {2005},
   type = {Journal Article},

   language= {zh}
}

@article{Bai2003,
   author = {ÁôΩÂøóÊòé and ÁéãÊ§øÈïõ},
   title = {‰∫ëÂçóÂú∞Âå∫‰∏äÈÉ®Âú∞Â£≥ÁªìÊûÑÂíåÂú∞ÈúáÊûÑÈÄ†ÁéØÂ¢ÉÁöÑÂ±ÇÊûêÊàêÂÉèÁ†îÁ©∂},
   journal = {Âú∞ÈúáÂ≠¶Êä•},
   volume = {25},
   number = {2},
   pages = {117-127},
   year = {2003},
   type = {Journal Article},
   language = {zh}
}

@article{Kennett1991,
   author = {Kennett, BLN and Engdahl, ER},
   title = {Traveltimes for global earthquake location and phase identification},
   journal = {Geophysical Journal International},
   volume = {105},
   number = {2},
   pages = {429-465},
   ISSN = {0956-540X},
   year = {1991},
   type = {Journal Article}
}

@article{Gan2007,
   author = {Gan, Weijun and Zhang, Peizhen and Shen, Zheng-Kang and Niu, Zhijun and Wang, Min and Wan, Yongge and Zhou, Demin and Cheng, Jia},
   title = {Present-day crustal motion within the Tibetan Plateau inferred from GPS measurements},
   journal = {Journal of Geophysical Research},
   volume = {112},
   number = {B8},
   ISSN = {0148-0227},
   DOI = {10.1029/2005jb004120},
   year = {2007},
   type = {Journal Article}
}

@article{Zhang2004,
   author = {Zhang, Pei-Zhen and Shen, Zhengkang and Wang, Min and Gan, Weijun and B√ºrgmann, Roland and Molnar, Peter and Wang, Qi and Niu, Zhijun and Sun, Jianzhong and Wu, Jianchun and Hanrong, Sun and Xinzhao, You},
   title = {Continuous deformation of the Tibetan Plateau from global positioning system data},
   journal = {Geology},
   volume = {32},
   number = {9},
   pages = {809},
   ISSN = {0091-7613},
   DOI = {10.1130/g20554.1},
   year = {2004},
   type = {Journal Article}
}

@article{Lev2006,
   author = {Lev, Einat and Long, Maureen D. and van der Hilst, Rob D.},
   title = {Seismic anisotropy in Eastern Tibet from shear wave splitting reveals changes in lithospheric deformation},
   journal = {Earth and Planetary Science Letters},
   volume = {251},
   number = {3‚Äì4},
   pages = {293-304},
   keywords = {continental collision
shear wave splitting
Tibetan plateau},
   ISSN = {0012-821X},
   DOI = {http://dx.doi.org/10.1016/j.epsl.2006.09.018},
   url = {http://www.sciencedirect.com/science/article/pii/S0012821X06006509},
   year = {2006},
   type = {Journal Article}
}

@article{Li2008,
   author = {Li, Yonghua and Wu, Qingju and Zhang, Ruiqing and Tian, Xiaobo and Zeng, Rongsheng},
   title = {The crust and upper mantle structure beneath Yunnan from joint inversion of receiver functions and Rayleigh wave dispersion data},
   journal = {Physics of the Earth and Planetary Interiors},
   volume = {170},
   number = {1-2},
   pages = {134-146},
   ISSN = {00319201},
   DOI = {10.1016/j.pepi.2008.08.006},
   year = {2008},
   type = {Journal Article}
}

@article{Xu2007,
   author = {Xu, Lili and Rondenay, St√©phane and van der Hilst, Robert D.},
   title = {Structure of the crust beneath the southeastern Tibetan Plateau from teleseismic receiver functions},
   journal = {Physics of the Earth and Planetary Interiors},
   volume = {165},
   number = {3-4},
   pages = {176-193},
   ISSN = {00319201},
   DOI = {10.1016/j.pepi.2007.09.002},
   year = {2007},
   type = {Journal Article}
}

@article{Li2009,
   author = {ÊùéÊ∞∏Âçé and Âê¥Â∫Ü‰∏æ and Áî∞Â∞èÊ≥¢ and Âº†ÁëûÈùí and ÊΩòÂÆ∂ÈìÅ and ÊõæËûçÁîü},
   title = {Áî®Êé•Êî∂ÂáΩÊï∞ÊñπÊ≥ïÁ†îÁ©∂‰∫ëÂçóÂèäÂÖ∂ÈÇªÂå∫Âú∞Â£≥‰∏äÂú∞ÂπîÁªìÊûÑ},
   journal = {Âú∞ÁêÉÁâ©ÁêÜÂ≠¶Êä•},
   volume = {52},
   pages = {67-80},
   year = {2009},
   language = {zh},
   type = {Journal Article}
}

@article{Hu2005,
   author = {ËÉ°ÂÆ∂ÂØå and Êú±ÈõÑÂÖ≥ and Â§èÈùôÁëú and ÈôàËµü},
   title = {Âà©Áî®Èù¢Ê≥¢ÂíåÊé•Êî∂ÂáΩÊï∞ËÅîÂêàÂèçÊºîÊªáË•øÂú∞Âå∫Â£≥ÂπîÈÄüÂ∫¶ÁªìÊûÑ},
   journal = {Âú∞ÁêÉÁâ©ÁêÜÂ≠¶Êä•},
   volume = {48},
   number = {5},
   pages = {1069-1076},
   year = {2005},
   language = {zh},
   type = {Journal Article}
}

@article{Zha2013,
   author = {ÊüªÂ∞èÊÉ† and Èõ∑Âª∫ËÆæ},
   title = {‰∫ëÂçóÂú∞Âå∫Âú∞Â£≥ÂéöÂ∫¶ÂíåÊ≥äÊùæÊØîÁ†îÁ©∂},
   journal = {‰∏≠ÂõΩÁßëÂ≠¶ÔºàÂú∞ÁêÉÁßëÂ≠¶Ôºâ},
   volume = {43},
   pages = {446-456},
   DOI = {10.1007/s11430-0134583-8},
   year = {2013},
   language = {zh},
   type = {Journal Article}
}

@article{Hu2003,
   author = {ËÉ°ÂÆ∂ÂØå and ËãèÊúâÈî¶ and Êú±ÈõÑÂÖ≥ and ÈôàËµü},
   title = {‰∫ëÂçóÁöÑÂú∞Â£≥SÊ≥¢ÈÄüÂ∫¶‰∏éÊ≥äÊùæÊØîÁªìÊûÑÂèäÂÖ∂ÊÑè‰πâ},
   journal = {‰∏≠ÂõΩÁßëÂ≠¶ÔºàDËæëÔºâ},
   volume = {33},
   number = {8},
   pages = {714-722},
   year = {2003},
   language = {zh},
   type = {Journal Article}
}

@article{Wu2001,
   author = {Âê¥Âª∫Âπ≥ and ÊòéË∑ÉÁ∫¢ and ÁéãÊ§øÈïõ},
   title = {‰∫ëÂçóÊï∞Â≠óÂú∞ÈúáÂè∞Á´ô‰∏ãÊñπÁöÑSÊ≥¢ÈÄüÂ∫¶ÁªìÊûÑÁ†îÁ©∂},
   journal = {Âú∞ÁêÉÁâ©ÁêÜÂ≠¶Êä•},
   volume = {44},
   number = {2},
   pages = {228-237},
   year = {2001},
   language = {zh},
   type = {Journal Article}
}

@article{Huang2002,
   author = {Huang, Jinli},
   title = {Lithospheric structure and its relationship to seismic and volcanic activity in southwest China},
   journal = {Journal of Geophysical Research},
   volume = {107},
   number = {B10},
   ISSN = {0148-0227},
   DOI = {10.1029/2000jb000137},
   year = {2002},
   type = {Journal Article}
}

@article{Christensen1996,
   author = {Christensen, Nikolas I.},
   title = {Poisson's ratio and crustal seismology},
   journal = {Journal of Geophysical Research},
   volume = {101},
   number = {B2},
   pages = {3139-3156},
   year = {1996},
   type = {Journal Article}
}

@article{Rudnick1995,
   author = {Rudnick, Roberta L and Fountain, David M},
   title = {Nature and composition of the continental crust: a lower crustal perspective},
   journal = {Reviews of geophysics},
   volume = {33},
   number = {3},
   pages = {267-309},
   ISSN = {1944-9208},
   year = {1995},
   type = {Journal Article}
}

@article{Watanabe1993,
   author = {Watanabe, Tohru},
   title = {Effects of water and melt on seismic velocities and their application to characterization of seismic reflectors},
   journal = {Geophysical Research Letters},
   volume = {20},
   number = {24},
   pages = {2933-2936},
   ISSN = {1944-8007},
   year = {1993},
   type = {Journal Article}
}

@article{Flesch2005,
   author = {Flesch, Lucy M and Holt, William E and Silver, Paul G and Stephenson, Melissa and Wang, Chun-Yong and Chan, Winston W},
   title = {Constraining the extent of crust‚Äìmantle coupling in central Asia using GPS, geologic, and shear wave splitting data},
   journal = {Earth and Planetary Science Letters},
   volume = {238},
   number = {1},
   pages = {248-268},
   ISSN = {0012-821X},
   year = {2005},
   type = {Journal Article}
}

@article{Sol2007,
   author = {Sol, S and Meltzer, A and B√ºrgmann, R and Van der Hilst, RD and King, R and Chen, Z and Koons, PO and Lev, E and Liu, YP and Zeitler, PK},
   title = {Geodynamics of the southeastern Tibetan Plateau from seismic anisotropy and geodesy},
   journal = {Geology},
   volume = {35},
   number = {6},
   pages = {563-566},
   ISSN = {0091-7613},
   year = {2007},
   type = {Journal Article}
}

@article{Clark2000,
   author = {Clark, Marin Kristen and Royden, Leigh Handy},
   title = {Topographic ooze: Building the eastern margin of Tibet by lower crustal flow},
   journal = {Geology},
   volume = {28},
   number = {8},
   pages = {703-706},
   ISSN = {0091-7613},
   year = {2000},
   type = {Journal Article}
}

@article{Royden1997,
   author = {Royden, Leigh H and Burchfiel, B Clark and King, Robert W and Wang, Erchie and Chen, Zhiliang and Shen, Feng and Liu, Yuping},
   title = {Surface deformation and lower crustal flow in eastern Tibet},
   journal = {science},
   volume = {276},
   number = {5313},
   pages = {788-790},
   ISSN = {0036-8075},
   year = {1997},
   type = {Journal Article}
}

@article{Hammond2014,
   author = {J.O.S.Hammond},
   title = {Constraining melt geometries beneath the Afar Depression,Ethiopa from teleseismic receiver function: The anisotrophy H-k stacking technique},
   journal = {Geochem. Geophys. Geosyst.},
   volume = {15},
   pages = {1316-1332},
   DOI = {10.1002/2013GC005186},
   year = {2014},
   type = {Journal Article}
}

@article{Shi2009,
   author = {Shi, Yu-tao and Gao, Yuan and Wu, Jing and Su, You-jin},
   title = {Crustal seismic anisotropy in Yunnan, southwestern China},
   journal = {Journal of seismology},
   volume = {13},
   number = {2},
   pages = {287-299},
   ISSN = {1383-4649},
   year = {2009},
   type = {Journal Article}
}

@article{Sun2013,
   author = {Â≠ôÈïøÈùí and Èõ∑Âª∫ËÆæ and ÊùéËÅ™ and Âº†Âπø‰ºü and Êü•Â∞èÊÉ† and ÊùéÈ£û},
   title = {‰∫ëÂçóÂú∞Âå∫Âú∞Â£≥ÂêÑÂêëÂºÇÊÄßÂèäÂÖ∂Âä®ÂäõÂ≠¶ÊÑè‰πâ},
   journal = {Âú∞ÁêÉÁâ©ÁêÜÂ≠¶Êä•},
   volume = {56},
   number = {12},
   pages = {4095-4105},
   year = {2013},
   language = {zh},
   type = {Journal Article}
}

@article{Huang2006,
   author = {Huang, Jinli and Zhao, Dapeng},
   title = {High‚Äêresolution mantle tomography of China and surrounding regions},
   journal = {Journal of Geophysical Research: Solid Earth (1978‚Äì2012)},
   volume = {111},
   number = {B9},
   ISSN = {2156-2202},
   year = {2006},
   type = {Journal Article}
}

@article{Hu2008,
   author = {ËÉ°ÂÆ∂ÂØå and ËÉ°ÊØÖÂäõ and Â§èÈùôÁëú and ÈôàËµü and ËµµÂÆè and Êù®Êµ∑Ááï},
   title = {ÁºÖÁî∏ÂºßÂèäÈÇªÂå∫ÁöÑÂ£≥Âπî S Ê≥¢ÈÄüÂ∫¶ÁªìÊûÑ‰∏éÂä®ÂäõÂ≠¶ËøáÁ®ã},
   journal = {Âú∞ÁêÉÁâ©ÁêÜÂ≠¶Êä•},
   volume = {51},
   number = {1},
   pages = {140-148},
   year = {2008},
   language = {zh},
   type = {Journal Article}
}

@article{Zhao2006,
   author = {Zhao, Ping and Ran, Hua and Chen, Hua},
   title = {Present-day magma chambers in Tengchong volcano area inferred from relative geothermal gradient},
   journal = {Acta Petrologica Sinica},
   volume = {22},
   number = {6},
   pages = {1517-1528},
   ISSN = {1000-0569},
   year = {2006},
   type = {Journal Article}
}

@article{Copley2007,
   author = {Copley, Alex and McKenzie, Dan},
   title = {Models of crustal flow in the India-Asia collision zone},
   journal = {Geophysical Journal International},
   volume = {169},
   number = {2},
   pages = {683-698},
   ISSN = {0956-540X},
   year = {2007},
   type = {Journal Article}
}

@article{He2005,
   author = {He, Zhengqin and Ye, Tailan and Su, Wei},
   title = {3-D velocity structure of the middle and upper crust in the Yunnan region, China},
   journal = {pure and applied geophysics},
   volume = {162},
   number = {12},
   pages = {2355-2368},
   ISSN = {0033-4553},
   year = {2005},
   type = {Journal Article}
}

@article{Xu2005,
   author = {ÂæêÈ∏£Ê¥Å and ÁéãËâØ‰π¶ and ÂàòÂª∫Âçé and ÈíüÈî¥ and ÊùéÂçé and ËÉ°Âæ∑Êò≠ and ÂæêÈúá},
   title = {Âà©Áî®Êé•Êî∂ÂáΩÊï∞Á†îÁ©∂ÂìÄÁâ¢Â±±Á∫¢Ê≤≥Êñ≠Ë£ÇÂ∏¶Âú∞Â£≥‰∏äÂú∞ÂπîÁâπÂæÅ},
   journal = {‰∏≠ÂõΩÁßëÂ≠¶ÔºàDËæëÔºâ},
   volume = {35},
   number = {8},
   pages = {729-737},
   year = {2005},
   language = {zh},
   type = {Journal Article}
}

@article{Levin1997,
   author = {Levin, Vadim and Park, Jeffrey},
   title = {Crustal anisotropy in the Ural Mountains foredeep from teleseismic receiver functions},
   journal = {Geophysical research letters},
   volume = {24},
   number = {11},
   pages = {1283-1286},
   ISSN = {1944-8007},
   year = {1997},
   type = {Journal Article}
}

@article{Savage1998,
   author = {Savage, Martha Kane},
   title = {Lower crustal anisotropy or dipping boundaries? Effects on receiver functions and a case study in New Zealand},
   journal = {Journal of Geophysical Research: Solid Earth (1978‚Äì2012)},
   volume = {103},
   number = {B7},
   pages = {15069-15087},
   ISSN = {2156-2202},
   year = {1998},
   type = {Journal Article}
}

@article{Liu2012,
   author = {Liu, Huafeng and Niu, Fenglin},
   title = {Estimating crustal seismic anisotropy with a joint analysis of radial and transverse receiver function data},
   journal = {Geophysical Journal International},
   volume = {188},
   number = {1},
   pages = {144-164},
   ISSN = {0956-540X},
   year = {2012},
   type = {Journal Article}
}
